@Article{GomezMarin2010,
   author = {G\'{o}mez-Mart\'{i}n, Marco Antonio},
   title = {Comunicación Aumentativa y Alternativa},
   tear = {2010}
}

@phdthesis{LorenzoAlvarezTFG2013,
   author = {Laura Lorenzo \'{A}lvarez },
   title = {Los sistemas Alternativos y/o Aumentativos de
Comunicaci\'{o}n: la Comunicación Bimodal como recurso en el
aula de Audici\'{o}n y Lenguaje},
   school = {Universidad de Valladolid},
   type = {TFG},
   year = {2013}
}

@Book{DoloresAbril2010,
  author    = { Abril Abad\'{i}n, I. Delgado Santos C., Vigara Cerrato \'{A}}, 
  title     = {Comunicaci\'{o}n Aumentativa y Alternativa},
  publisher = {CEAPAT},
  year      = { 2010},
  edition   = {3º}
}

@Book{WarrickAnneCSH2010,
  author    = {Anne Warrick}, 
  title     = {Comunicaci\'{o}n sin habla},
  publisher = {CEAPAT},
  year      = {2010},
  edition   = {3º},
  ISBN		= {0-9684186-0-0}
}

@Article{CCLatex,
  author = 	 {G\'{o}mez-Mart\'{i}n, Marco Antonio and G\'{o}mez-Mart\'{i}n, Pedro Pablo},
  title = 	 {Continuous Integration in {\LaTeX}},
  journal = 	 {The Prac\TeX\ Journal},
  volume = {\em In Press.},
  year = 	 {2009}
}


@book{Eugene1985,
  title={Sistema Bliss. Ense{\~n}anza y uso: ense{\~n}anza y uso},
  author={McDonald, E.T.},
  isbn={9788436911763},
  url={https://books.google.es/books?id=9rs9CgAAQBAJ},
  year={1985},
  publisher={Ministerio de Educaci{\'o}n y Ciencia, Subdirecci{\'o}n General de Educaci{\'o}n Especial}
}


@book{Robert2000,
  title={Handbook of Natural Language Processing},
  author={Dale, R. and Moisl, H. and Somers, H.},
  isbn={9780824790004},
  lccn={00031597},
  url={https://books.google.es/books?id=VoOLvxyX0BUC},
  year={2000},
  publisher={Taylor \& Francis}
}

@article{VICENTE2015,
   title = {{La generaci\'{o}n de lenguaje natural: An\'{a}lisis del estado actual}},
   journal = {{Computaci\'{o}n y Sistemas}},
   author={Vicente, Marta AND Barros, Cristina AND Peregrino, Fernando S. AND Agull\'{a}, Francisco AND Lloret, Elena},
   ISSN = {1405-5546},
   language = {es},
   URL = {http://www.scielo.org.mx/scielo.php?script=sci_arttext&pid=S1405-55462015000400721&nrm=iso},
   volume = {19},
   year = {2015},
   month = {12},
   pages = {721 - 756},
   publisher = {scielomx}
   }
   
@phdthesis{Trzpis2015,
   Author = { Jozef Trzpis, Damian},
   Title = {Adaptaci\'{o}n de una herramienta de Generaci\'{o}n de Lenguaje Natural al idioma Español},
   School = {Universidad Polit\'{e}cnica de Madrid},
   Type = {PhD},
   Year = {2015}
}

@book{basil1990comunicacion,
  title = {Comunicaci{\'o}n aumentativa: curso sobre sistemas y ayudas t{\'e}cnicas de comunicaci{\'o}n no vocal},
  author = {Basil, C. AND Almirall, C.B. AND de la Bellacasa, R.P.},
  isbn = {9788486852566},
  series = {Colecci{\'o}n Rehabilitaci{\'o}n},
  url = {https://books.google.es/books?id=tiOwQwAACAAJ},
  year = {1990},
  publisher = {Instituto Nacional de Servicios Sociales}
}


@article{as2010,
	author = {{Romski, Mary Ann and Sevcik, Rose A.}},
	title = {Augmentative and alternative communication for children with developmental disabilities},
	journal = {Mental Retardation and Developmental Disabilities Research Reviews},
	volume = {3},
	pages = {363-368},
	Type = {Article},
	language = {en},
	year = {1997}

}

@book{uribe2018apoyo,
  title={Apoyo a la comunicaci{\'o}n (2018)},
  author={Uribe, A.A. and Portales, M.J.M. and Ortega, J.U.},
  isbn={9788491614234},
  series={Formaci{\'o}n Profesional - Atenci{\'o}n a personas en situaci{\'o}n de dependencia},
  url={https://books.google.es/books?id=zhhfDwAAQBAJ},
  year={2018},
  publisher={Editorial Editex}
}


@book{hehner1985,
  title={S{\'i}mbolos Bliss. Diccionario gu{\'i}a},
  author={Hehner, B.},
  url={https://books.google.es/books?id=ud4\_CgAAQBAJ},
  year={1985},
  publisher={Subdirecci{\'o}n General de Educaci{\'o}n Especial}
}

@book{marin2003,
  title={Tecnolog{\'i}as de ayuda en personas con trastornos de comunicaci{\'o}n},
  author={Mar{\'i}n, F.A. and P{\'e}rez, F.J.S.},
  isbn={9788476426821},
  series={Colecci{\'o}n Logopedia e Intervenci{\'o}n Series},
  url={https://books.google.es/books?id=uwM52hK0HC8C},
  year={2003},
  publisher={Nau Llibres}
}
@phdthesis {Bertola2018,
   title = {An{\'a}lisis emp{\'i}­rico de las caracter{\'a}­sticas formales de los s{\'i}­mbolos pictogr{\'a}ficos Arasaac},
   author = {Bertola L{\'o}pez, Elisabetta},
   year = {2018-02-15}
}

@phdthesis{MartinGuerrero2018,
   Author = { Mart\'{i}n Guerrero, Alejandro},
   Title = {PICTAR: una herramienta de
elaboración de contenido para personas
con TEA basada en la traducción de
texto a pictogramas},
   School = {Universidad Complutense de Madrid},
   Type = {PhD},
   Year = {2018}
}

@article{CarlosGarcia2004,
   Author = { García Ibáñez, Raquel Hervás Ballesteros, Pablo Gervás },
   Title = { Una arquitectura software para el desarrollo de aplicaciones de
generación de lenguaje natural },
   School = {Universidad Complutense de Madrid},
   Type = {Article},
   Year = {2004}
}

@phdthesis{AgustinHernandez2013,
   Author = {Agust\'{i}n Hern\'{a}ndez-Gil Alonso, Carlos Mart\'{i}nez D\'{i}az, Sergio
Pascua Garc\'{i}a},
   Title = {Conversor de texto a pictogramas },
   School = {Universidad Complutense de Madrid},
   Type = {PhD},
   Year = {2013}
}
@book{Han2005,
 author = {Han, Jiawei},
 title = {Data Mining: Concepts and Techniques},
 year = {2005},
 isbn = {1558609016},
 publisher = {Morgan Kaufmann Publishers Inc.},
 address = {San Francisco, CA, USA},
} 

