@phdthesis{MartinGuerrero2018,
   Author = { Mart\'{i}n Guerrero, Alejandro},
   Title = {PICTAR: una herramienta de
elaboración de contenido para personas
con TEA basada en la traducción de
texto a pictogramas},
   School = {Universidad Complutense de Madrid},
   Type = {PhD},
   Year = {2018}
}