@Article{GomezMarin2010,
   author = {G\'{o}mez-Mart\'{i}n, Marco Antonio},
   title = {Comunicación Aumentativa y Alternativa},
   tear = {2010}
}

@phdthesis{LorenzoAlvarezTFG2013,
   author = {Laura Lorenzo \'{A}lvarez },
   title = {Los sistemas Alternativos y/o Aumentativos de
Comunicaci\'{o}n: la Comunicación Bimodal como recurso en el
aula de Audici\'{o}n y Lenguaje},
   school = {Universidad de Valladolid},
   type = {TFG},
   year = {2013}
}

@book{DoloresAbril2010,
  author    = {Dolores Abril Abad\'{i}n, Clara I. Delgado Santos, \'{A}ngela Vigara Cerrato}, 
  title     = {Comunicaci\'{o}n Aumentativa y Alternativa},
  publisher = {CEAPAT},
  year      = { 2010},
  edition   = {3}
}

@Book{WarrickAnneCSH2010,
  author    = {Anne Warrick}, 
  title     = {Comunicaci\'{o}n sin habla},
  publisher = {CEAPAT},
  year      = {2010},
  edition   = {3},
  ISBN		= {0-9684186-0-0}
}

@Article{CCLatex,
  author = 	 {G\'{o}mez-Mart\'{i}n, Marco Antonio and G\'{o}mez-Mart\'{i}n, Pedro Pablo},
  title = 	 {Continuous Integration in {\LaTeX}},
  journal = 	 {The Prac\TeX\ Journal},
  volume = {\em In Press.},
  year = 	 {2009}
}

@Book{Eugene1985,
  author    = {Eugene T. McDonald}, 
  title     = {Sistema Bliss enseñanza y uso},
  publisher = {Ministerio de educacion y ciencia },
  year      = {1985},
  edition   = {3},
  ISBN		= {84-369-1176-8}
}
